@book{leslam,
	author = "Leslie Lamport",
	title = "{\it LaTeX}",
	year = "1994",
	edition = "2nd",
	publisher = "Addison-Wesley",
	isbn = "0201529831",
	url = "https://www.amazon.in/LaTeX-Document-Preparation-Addison-Wesley-Techniques/dp/0201529831",
}
@article{bhmeadd,
        title = {Numerical method of lines for the relaxational dynamics of nematic liquid crystals},
        author = {Bhattacharjee, A. K. and Menon, Gautam I. and Adhikari, R.},
        journal = {Phys. Rev. E},
        volume = {78},
        issue = {2},
        pages = {026707},
        numpages = {10},
        year = {2008},
        month = {Aug},
        publisher = {American Physical Society},
        doi = {10.1103/PhysRevE.78.026707},
}
@phdthesis{bhatam,
        title = {Inhomogeneous Phenomena in Nematic Liquid Crystals},
        author = {Bhattacharjee, A. K.},
        school = {Homi Bhabha National Institute, Mumbai},
        publisher = {Unpublished},
        year = {2010},
}
